% This file was created with JabRef 2.7.
% Encoding: Cp1252
@INPROCEEDINGS{LZ2006,
  author = {John Yung San Li and Hao Zhang},
  title = {Nonobtuse remeshing and mesh decimation},
  booktitle = {Eurographics Symposium on Geometry Processing},
  year = {2006},
  pages = {235-238}
}

@ARTICLE{SCWYLL2011,
  author = {Feng Sun and Yi-King Choi and Wenping Wang and Dong-Ming Yan and Yang Liu and Bruno L$\grave{e}$vy},
  title = {Obtuse triangle suppression in anisotropic meshes},
  journal = {Computer Aided Geometric Design},
  year = {2011},
  volume = {28},
  pages = {537-548},
  number = {9}
}

@ARTICLE{LC1987,
  author = {William E. Lorensen and Harvey E. Cline},
  title = {Marching cubes: A high resolution 3D surface construction algorithm},
  journal = {ACM SIGGRAPH Computer Graphics},
  year = {1987},
  volume = {21},
  pages = {163-169},
  number = {4}
}

@INPROCEEDINGS{C1993,
  author = {L. Paul Chew},
  title = {Guaranteed-quality mesh generation for curved surfaces},
  booktitle = {ACM Symposium on Computational Geometry},
  year = {1993},
  pages = {274-280}
}

@ARTICLE{JKKS2009,
  author = {Jan Brandts and Sergey Korotov and Michal K$\check{k}$$\acute{i}$$\breve{z}$k and Jakub $\check{S}$olc},
  title = {On nonobtuse simplicial partitions},
  journal = {AIAM Review},
  year = {2009},
  volume = {51},
  pages = {317-335},
  number = {2}
}

@ARTICLE{AUGA2008,
  author = {Pierre Alliez and Giuliana Ucelli and Craig Gotsman and Marco Attene},
  title = {Recent advances in remeshing of surfaces},
  journal = {Shape Analysis and Structuring},
  year = {2008},
  pages = {53-82}
}

@ARTICLE{KS1998,
  author = {R. Kimmel and J. A. Sethian},
  title = {Computing geodesic paths on manifolds},
  journal = {Proc. of National Academy of Science USA},
  year = {1998},
  volume = {95},
  pages = {8431-8435},
  number = {15}
}

@INPROCEEDINGS{AYZ2012,
  author = {Nima Aghdaii and Hamid Younesy and Hao Zhang},
  title = {5-6-7 meshes},
  booktitle = {Graphics Interace},
  year = {2012},
  pages = {27-34}
}

@INPROCEEDINGS{AVDI2003,
  author = {Pierre Alliez and Eric Colin de Verdiere and Olivier Devillers and Martin Isenburg},
  title = {Isotropic surface remeshing},
  booktitle = {Proceedings of Shape Modeling International},
  year = {2003},
  pages = {49-58}
}

@ARTICLE{G2007,
  author = {Igor Guskov},
  title = {Manifold-based approach to semi-regular remeshing},
  journal = {Graphical Models},
  year = {2007},
  volume = {69},
  pages = {1-18},
  number = {1}
}

@INPROCEEDINGS{S2002,
  author = {Jonathan Richard Shewchuk},
  title = {What is a good linear element? Interpolation, conditioning, and quality measures},
  booktitle = {Proceedings of 11th International Meshing Roundtable},
  year = {2002},
  pages = {115-126}
}

@ARTICLE{ACDLD2003,
  author = {Pierre Alliez and David Cohen-Steiner and Olivier Devillers and Bruno L$\grave{e}$vy and Mathieu Desbrun},
  title = {Anisotropic polygonal remeshing},
  journal = {ACM Transactions on Graphics},
  year = {2003},
  volume = {22},
  pages = {485-493},
  number = {3}
}

@ARTICLE{BA1976,
  author = {Ivo Babu$\breve{s}$ka and A. K. Aziz},
  title = {On the angle condition in the finite element method},
  journal = {SIAM Journal on Numerical Analysis},
  year = {1976},
  volume = {13},
  pages = {214-226},
  number = {2}
}

@INPROCEEDINGS{WMKG2007,
  author = {Max Wardetzky and Saurabh Mathur and Felix K$\ddot{a}$berer and Eitan Grinspun},
  title = {Discrete Laplace operators: No free lunch},
  booktitle = {Symposium on Geometry Processing},
  year = {2007},
  pages = {33-37}
}

@INPROCEEDINGS{BMR1994,
  author = {Marshall Bern and Scott Mitchell and Jim Ruppert},
  title = {Linear-size nonobtuse triangulation of polygons},
  booktitle = {Symposium on Computational Geometry},
  year = {1994},
  pages = {221-230}
}

@INPROCEEDINGS{CS2005,
  author = {Ho-Lun Cheng and Xinwei Shi },
  title = {Quality mesh generation for molecular skin surfaces using restricted union of balls},
  booktitle = {IEEE Visualization},
  year = {2005},
  pages = {399-405}
}
