% This file was created with JabRef 2.7.
% Encoding: Cp1252

@ARTICLE{AS10,
  author = {Luca Di Angelo and Paolo Di Stefano},
  title = {C1 continuities detection in triangular meshes},
  journal = {Computer-Aided Design},
  year = {2010},
  volume = {42},
  pages = {828-839},
  number = {9}
}

@INPROCEEDINGS{ABBP05,
  author = {Gianni Antini and Stefano Berretti and Alberto Del Bimbo and Pietro
	Pala},
  title = {3D Mesh Partitioning for Retrieval by Parts Applications},
  booktitle = {IEEE International Conference on Multimedia and Expo},
  year = {2005},
  pages = {1210-1213}
}

@ARTICLE{00SJJ02,
  author = {S. Belongie and J. Malik and J. Puzicha},
  title = {Shape Matching and Object Recognition Using Shape Contexts},
  journal = {IEEE Transactions on Pattern Analysis and Machine Intelligence},
  year = {2002},
  volume = {24},
  pages = {509-522}
}

@ARTICLE{BAK97,
  author = {A. G. Belyaev and E. V. Anoshkina and T. L. Kunii},
  title = {Ridges, Ravines and Singularities},
  journal = {Topological Modeling for Visualization},
  year = {1997},
  volume = {18},
  pages = {375-383},
  number = {11}
}

@ARTICLE{HJGM10,
  author = {Benhabiles, Halim and Vandeborre, Jean-Philippe and Lavou\'e, Guillaume
	and Daoudi, Mohamed},
  title = {A comparative study of existing metrics for 3D-mesh segmentation
	evaluation},
  journal = {The Visual Computer},
  year = {2010},
  volume = {26},
  pages = {1451-1466},
  number = {12}
}

@TECHREPORT{00CAZALS04,
  author = {Cazals, Frederic and Pouget, Marc},
  title = {Smooth surfaces, umbilics, lines of curvatures, foliations, ridges
	and the medial axis: A concise overview},
  institution = {INRIA},
  year = {2004},
  number = {{RR}-5138}
}

@INPROCEEDINGS{UUM00,
  author = {Clarenz, Ulrich and Diewald, Udo and Rumpf, Martin},
  title = {Anisotropic Geometric Diffusion in Surface Processing},
  booktitle = {Visualization},
  year = {2000},
  pages = {397-405}
}

@ARTICLE{CRT04,
  author = {Clarenz, U. and Rumpf, M. and Telea, A.},
  title = {Robust feature detection and local classification for surfaces based
	on moment analysis},
  journal = {IEEE Transactions on Visualization and Computer Graphics},
  year = {2004},
  volume = {10},
  pages = {516-524},
  number = {5}
}

@ARTICLE{0CLLM05,
  author = {Coifman, R. R. and Lafon, S. and Lee, A. B. and Maggioni, M. and
	Nadler, B. and Warner, F. and Zucker, S. W.},
  title = {Geometric diffusions as a tool for harmonic analysis and structure
	definition of data: Diffusion maps},
  journal = {Proceedings of National Academy of Sciences},
  year = {2005},
  volume = {102},
  pages = {7426-7431},
  number = {21}
}

@ARTICLE{DH06,
  author = {Timothy A. Davis and William W. Hager},
  title = {Dynamic supernodes in sparse Cholesky update/downdate and triangular
	solves},
  journal = {ACM Transactions on Mathematical Software},
  year = {2009},
  volume = {35},
  pages = {1-23},
  number = {4}
}

@ARTICLE{KDTD07,
  author = {Demarsin, Kris and Vanderstraeten, Denis and Volodine, Timofej and
	Roose, Dirk},
  title = {Detection of closed sharp edges in point clouds using normal estimation
	and graph theory},
  journal = {Computer-Aided Design},
  year = {2007},
  volume = {39},
  pages = {276-283},
  number = {4}
}

@INPROCEEDINGS{DMSB99,
  author = {Mathieu Desbrun and Mark Meyer and Peter Schr\"oder and Alan H. Barr},
  title = {Implicit fairing of irregular meshes using diffusion and curvature
	flow},
  booktitle = {SIGGRAPH},
  year = {1999},
  pages = {317-324}
}

@INPROCEEDINGS{00DGG03,
  author = {Dey, Tamal and Giesen, Joachim and Goswami, Samrat},
  title = {Shape Segmentation and Matching with Flow Discretization},
  booktitle = {Algorithms and Data Structures},
  year = {2003},
  pages = {25-36}
}

@ARTICLE{FDC03,
  author = {Fleishman, Shachar and Drori, Iddo and Cohen-Or, Daniel},
  title = {Bilateral mesh denoising},
  journal = {ACM Transactions on Graphic},
  year = {2003},
  volume = {22},
  pages = {950-953},
  number = {3}
}

@ARTICLE{RDo06,
  author = {Ran Gal and Daniel Cohen-or},
  title = {Salient geometric features for partial shape matching and similarity},
  journal = {ACM Transactions on Graphics},
  year = {2006},
  volume = {25},
  pages = {130-150},
  number = {1}
}

@INPROCEEDINGS{00GSPX06,
  author = {Granger, S\'ebastien and Pennec, Xavier},
  title = {Multi-scale EM-ICP: A Fast and Robust Approach for Surface Registration},
  booktitle = {European Conference on Computer Vision},
  year = {2006},
  pages = {69-73}
}

@INPROCEEDINGS{GWM01,
  author = {Stefan Gumhold and Xinlong Wang and Rob Macleod},
  title = {Feature Extraction from Point Clouds},
  booktitle = {International Meshing Roundtable},
  year = {2001},
  pages = {293-305}
}

@ARTICLE{HP04,
  author = {Klaus Hildebrandt and Konrad Polthier},
  title = {Anisotropic filtering of non-linear surface features},
  journal = {Computer Graphics Forum},
  year = {2004},
  volume = {23},
  pages = {391-400},
  number = {3}
}

@INPROCEEDINGS{KKM05,
  author = {Hildebrandt, Klaus and Polthier, Konrad and Wardetzky, Max},
  title = {Smooth feature lines on surface meshes},
  booktitle = {Symposium on Geometry Processing},
  year = {2005},
  pages = {85-90}
}

@ARTICLE{HJ87,
  author = {Hoffman, R. and Jain, A. K.},
  title = {Segmentation and classification of range images},
  journal = {IEEE Transactions on Pattern Analysis and Machine Intelligence},
  year = {1987},
  volume = {9},
  pages = {608-620},
  number = {5}
}

@BOOK{HJ85,
  title = {Matrix Analysis},
  publisher = {Cambridge University},
  year = {1985},
  author = {Roger A. Horn and Charles R. Johnson}
}

@INPROCEEDINGS{HG01,
  author = {Hubeli, Andreas and Gross, Markus},
  title = {Multiresolution feature extraction for unstructured meshes},
  booktitle = {Visualization},
  year = {2001},
  pages = {287-294}
}

@ARTICLE{JLCW06,
  author = {Ji, Zhongping and Liu, Ligang and Chen, Zhonggui and Wang, Guojin},
  title = {Easy Mesh Cutting},
  journal = {Computer Graphics Forum},
  year = {2006},
  volume = {25},
  pages = {283-291},
  number = {3}
}

@ARTICLE{SA03,
  author = {Katz, Sagi and Tal, Ayellet},
  title = {Hierarchical mesh decomposition using fuzzy clustering and cuts},
  journal = {ACM Transactions on Graphics},
  year = {2003},
  volume = {22},
  pages = {954-961},
  number = {3}
}

@INPROCEEDINGS{KMWJ96,
  author = {J.T. Kent and K. V. Mardia and J. M. West and Leeds Ls Jt},
  title = {Ridge Curves and Shape Analysis},
  booktitle = {British Machine Vision Conference},
  year = {1996},
  pages = {43-52}
}

@ARTICLE{KCL09,
  author = {Hyun Soo Kim and Han Kyun Choi and Kwan H. Lee},
  title = {Feature detection of triangular meshes based on tensor voting theory},
  journal = {Computer-Aided Design},
  year = {2009},
  volume = {41},
  pages = {47-58},
  number = {1}
}

@ARTICLE{LHMR09,
  author = {Lai, Yukun and Hu, Shimin and Martin, Ralph R. and Rosin, Paul L.},
  title = {Rapid and effective segmentation of 3D models using random walks},
  journal = {Computer Aided Geometric Design},
  year = {2009},
  volume = {26},
  pages = {665-679},
  number = {6}
}

@INPROCEEDINGS{LZHM06,
  author = {Lai, Yukun and Zhou, Qianyi and Hu, Shimin and Martin, Ralph R.},
  title = {Feature sensitive mesh segmentation},
  booktitle = {ACM Solid and Physical Modeling Symposium},
  year = {2006},
  pages = {17-25}
}

@ARTICLE{LZHW*07,
  author = {Yukun Lai and Qianyi Zhou and Shimin Hu and Johannes Wallner and
	Helmut Pottmann},
  title = {Robust Feature Classification and Editing},
  journal = {IEEE Transactions on Visualization and Computer Graphics},
  year = {2007},
  volume = {13},
  pages = {34-45},
  number = {1}
}

@ARTICLE{LDB05,
  author = {Guillaume Lavou\'e and Florent Dupont and Atilla Baskurt},
  title = {A new CAD mesh segmentation method, based on curvature tensor analysis},
  journal = {Computer-Aided Design},
  year = {2005},
  volume = {37},
  pages = {975-987},
  number = {10}
}

@ARTICLE{LJS97,
  author = {Ales Leonardis and Ales Jaklic and Franc Solina},
  title = {Superquadrics for Segmenting and Modeling Range Data},
  journal = {IEEE Transactions on Pattern Analysis and Machine Intelligence},
  year = {1997},
  volume = {19},
  pages = {1289-1295},
  number = {11}
}

@INPROCEEDINGS{LWTH01,
  author = {Li, Xuetao and Woon, Tong Wing and Tan, Tiow Seng and Huang, Zhiyong},
  title = {Decomposing polygon meshes for interactive applications},
  booktitle = {Symposium on Interactive 3D Graphics},
  year = {2001},
  pages = {35-42}
}

@INPROCEEDINGS{LZ04,
  author = {R. Liu and H. Zhang},
  title = {Segmentation of 3D meshes through spectral clustering},
  booktitle = {Pacific Graphics},
  year = {2004},
  pages = {298-305}
}

@INPROCEEDINGS{LLS98,
  author = {Antonio M. Lopez and Felipe Lumbreras and Joan Serrat},
  title = {Creaseness from Level Set Extrinsic Curvature},
  booktitle = {European Conference on Computer Vision},
  year = {1998},
  pages = {156-169}
}

@BOOK{MLT00,
  title = {Computational Framework for Segmentation and Grouping},
  publisher = {Elsevier Science Inc.},
  year = {2000},
  author = {Medioni, Gerard and Lee, Mi-Suen and Tang, Chi-Keung}
}

@INPROCEEDINGS{GM00,
  author = {G. Medioni and C.-K. Tang and M.-S. Lee},
  title = {Tensor Voting: Theory and Applications},
  booktitle = {Reconnaissance des Formes et Intelligence Artificielle},
  year = {2000}
}

@INPROCEEDINGS{MDSB02,
  author = {Mark Meyer and Mathieu Desbrun and Peter Schröder and Alan H. Barr},
  title = {Discrete differential-geometry operators for triangulated 2-manifolds},
  booktitle = {Visual Mathematics},
  year = {2002},
  pages = {1-26}
}

@ARTICLE{MPGM*03,
  author = {Mortara, Michela and Patan\'e, Giuseppe and Spagnuolo, Michela and
	Falcidieno, Bianca and Rossignac, Jarek},
  title = {Blowing Bubbles for Multi-Scale Analysis and Decomposition of Triangle
	Meshes},
  journal = {Algorithmica},
  year = {2003},
  volume = {38},
  pages = {227-248},
  number = {1}
}

@ARTICLE{OBS04,
  author = {Yutaka Ohtake and Alexander Belyaev and Hans-Peter Seidel},
  title = {Ridge-Valley Lines on Meshes via Implicit Surface Fitting},
  journal = {ACM Transactions on Graphics},
  year = {2004},
  volume = {23},
  pages = {609-612},
  number = {3}
}

@ARTICLE{PSKP*02,
  author = {D. L. Page and Y. Sun and A. F. Koschan and J. Paik and M. A. Abidi},
  title = {Normal Vector Voting: Crease Detection and Curvature Estimation on
	Large, Noisy Meshes},
  journal = {Graphical Models},
  year = {2002},
  volume = {64},
  pages = {199-229},
  number = {3-4}
}

@ARTICLE{PKG03,
  author = {M Pauly and R Keiser and M Gross},
  title = {Multi-Scale Feature Extraction on Point-Sampled Models},
  journal = {Computer Graphics Forum},
  year = {2003},
  volume = {22},
  pages = {281-289},
  number = {3}
}

@INPROCEEDINGS{CB00,
  author = {R.Chaine and S.Bouakaz},
  title = {Segmentation of 3-D Surface Trace Points, Using a Hierarchical Tree-Based
	Diffusion Scheme},
  booktitle = {Asian Conference on Computer Vision},
  year = {2000},
  pages = {995-1002}
}

@INPROCEEDINGS{RM94,
  author = {Hillel Rom and Gérard Medioni},
  title = {Part Decomposition and Description of 3D Shapes},
  booktitle = {International Conference on Pattern Recognition},
  year = {1994},
  pages = {629-632}
}

@INPROCEEDINGS{RKSS00,
  author = {Christian Rössl and Leif Kobbelt and Hans-Peter Seidel and Im Stadtwald},
  title = {Extraction of feature lines on triangulated surfaces using morphological
	operators},
  booktitle = {International Symposium on Smart Graphics},
  year = {2000},
  pages = {71-75}
}

@INPROCEEDINGS{SMH10,
  author = {Seo, Seongho and Chung, Moo and Vorperian, Houri},
  title = {Heat Kernel Smoothing Using Laplace-Beltrami Eigenfunctions},
  booktitle = {Medical Image Computing and Computer Assisted Intervention},
  year = {2010},
  pages = {505-512}
}

@INPROCEEDINGS{SYLL*05,
  author = {Hitoshi Yamauchi Seungyong and Hitoshi Yamauchi and Seungyong Lee
	and Yunjin Lee and Yutaka Ohtake and Er Belyaev Hans-peter Seidel},
  title = {Feature Sensitive Mesh Segmentation with Mean Shift},
  booktitle = {Shape Modeling International},
  year = {2005},
  pages = {236-243}
}

@ARTICLE{CGF08,
  author = {Shamir, Ariel},
  title = {A survey on Mesh Segmentation Techniques},
  journal = {Computer Graphics Forum},
  year = {2008},
  volume = {27},
  pages = {1539-1556},
  number = {6}
}

@INPROCEEDINGS{PDEK09,
  author = {Simari, P. and Nowrouzezahrai, D. and Kalogerakis, E. and Singh,
	K.},
  title = {Multi-objective shape segmentation and labeling},
  booktitle = {Symposium on Geometry Processing},
  year = {2009},
  pages = {1415-1425}
}

@INPROCEEDINGS{ODRD02,
  author = {Sorkine, Olga and Cohen-Or, Daniel and Goldenthal, Rony and Lischinski,
	Dani},
  title = {Bounded-distortion piecewise mesh parameterization},
  booktitle = {Visualization},
  year = {2002},
  pages = {355-362}
}

@ARTICLE{SF04,
  author = {Georgios Stylianou and Gerald Farin},
  title = {Crest Lines for Surface Segmentation and Flattening},
  journal = {IEEE Transactions on Visualization and Computer Graphics},
  year = {2004},
  volume = {10},
  pages = {536-544},
  number = {5}
}

@ARTICLE{SOG09,
  author = {Sun, Jian and Ovsjanikov, Maks and Guibas, Leonidas},
  title = {A concise and provably informative multi-scale signature based on
	heat diffusion},
  journal = {Computer Graphics Forum},
  year = {2009},
  volume = {37},
  pages = {1383-1392},
  number = {10}
}

@ARTICLE{SJW*11,
  author = {M. Sunkel and S. Jansen and M. Wand and E. Eisemann and H.-P. Seidel},
  title = {Learning line features in 3D geometry},
  journal = {Computer Graphics Forum},
  year = {2011},
  volume = {30},
  pages = {267-276},
  number = {2}
}

@ARTICLE{0SSKG05,
  author = {Surazhsky, Vitaly and Surazhsky, Tatiana and Kirsanov, Danil and
	Gortler, Steven J. and Hoppe, Hugues},
  title = {Fast exact and approximate geodesics on meshes},
  journal = {ACM Transactions on Graphics},
  year = {2005},
  volume = {24},
  pages = {553-560},
  number = {3},
  numpages = {8}
}

@ARTICLE{WHSQ11_a,
  author = {Shengfa Wang and Tingbo Hou and Zhixun Su and Hong Qin},
  title = {Multi-scale anisotropic heat diffusion based on normal-driven shape
	representation},
  journal = {The Visual Computer},
  year = {2011},
  volume = {27},
  pages = {429-439},
  number = {6-8}
}

@INPROCEEDINGS{whsq11_b,
  author = {Shengfa Wang and Tingbo Hou and Zhixun Su and Hong Qin},
  title = {Diffusion Tensor Weighted Harmonic Fields for Feature Classification},
  booktitle = {Pacific Graphics},
  year = {2011},
  pages = {93-98}
}

@ARTICLE{QY04,
  author = {Wu, Qing and Yu, Yizhou},
  title = {Feature matching and deformation for texture synthesis},
  journal = {ACM Transactions on Graphics},
  year = {2004},
  volume = {23},
  pages = {364--367},
  number = {3}
}

@ARTICLE{CGF10,
  author = {Xiao, Chunxia and Liu, Meng},
  title = {Efficient Mean-shift Clustering Using Gaussian KD-Tree},
  journal = {Computer Graphics Forum},
  year = {2010},
  volume = {29},
  pages = {2065-2073},
  number = {7}
}

@ARTICLE{XZCX09,
  author = {Kai Xu and Hao Zhang and Daniel Cohen-Or and Yueshan Xiong},
  title = {Dynamic harmonic fields for surface processing},
  journal = {Computers \& Graphics},
  year = {2009},
  volume = {33},
  pages = {391-398},
  number = {3}
}

@INPROCEEDINGS{SAH05,
  author = {Yoshizawa, Shin and Belyaev, Alexander and Seidel, Hans-Peter},
  title = {Fast and robust detection of crest lines on meshes},
  booktitle = {ACM symposium on Solid and physical modeling},
  year = {2005},
  pages = {227-232}
}

@ARTICLE{ZMT05,
  author = {Zhang, Eugene and Mischaikow, Konstantin and Turk, Greg},
  title = {Feature-based surface parameterization and texture mapping},
  journal = {ACM Transactions on Graphics},
  year = {2005},
  volume = {24},
  pages = {1-27},
  number = {1}
}

@ARTICLE{ZZC11,
  author = {Juyong Zhang and Jianmin Zheng and Jianfei Cai},
  title = {Interactive Mesh Cutting Using Constrained Random Walks},
  journal = {IEEE Transactions on Visualization and Computer Graphics},
  year = {2011},
  volume = {17},
  pages = {357-367},
  number = {3}
}

@INPROCEEDINGS{00ZZC10,
  author = {Zhang, Juyong and Zheng, Jianmin and Cai, Jianfei},
  title = {A diffusion approach to seeded image segmentation},
  booktitle = {Computer Vision and Pattern Recognition},
  year = {2010},
  pages = {2125-2132}
}

@ARTICLE{zheng2010,
  author = {Youyi Zheng and Chiew-Lan Tai},
  title = {Mesh Decomposition with Cross-Boundary Brushes},
  journal = {Computer Graphics Forum},
  year = {2010},
  volume = {29},
  pages = {527-535},
  number = {2}
}

